@misc{zomoz,
  AUTHOR = "Zomoz",
	TITLE = "Zomoz",
  HOWPUBLISHED = {\url{https://zomoz.com.ve}},
	YEAR = 2017
}

@article{http,
  AUTHOR = "Fielding, R. and Gettys, J. and Mogul, J. and others",
  TITLE = "{HTTP} Version 1.1",
  YEAR = 1999,
  NOTE = {\url{https://www.w3.org/Protocols/rfc2616/rfc2616.txt}}
}

@article{httpcache,
  AUTHOR = "Fielding, R. and Nottingham, M. and Reschke, J",
  TITLE = "{Hypertext Transfer Protocol} ({HTTP}/1.1): Caching",
  YEAR = 2014,
  NOTE = {\url{https://tools.ietf.org/html/rfc7234}}
}

@article{serviceworker,
  AUTHOR = "Russell, A. and Song, J. and Archibald, J. and others",
  TITLE = "{Service Workers 1}",
  YEAR = 2016,
  NOTE = {\url{https://www.w3.org/TR/2016/WD-service-workers-1-20161011/}}
}

@misc{angular,
  AUTHOR = "Google",
	TITLE = "Angular",
  HOWPUBLISHED = {\url{https://angular.io/}},
	YEAR = 2017
}

@misc{reactivex,
  AUTHOR = "ReactiveX",
	TITLE = "ReactiveX",
  HOWPUBLISHED = {\url{http://reactivex.io/}},
	YEAR = 2017
}

@misc{typescript,
  AUTHOR = "Microsoft",
	TITLE = "TypeScript",
  HOWPUBLISHED = {\url{https://www.typescriptlang.org/index.html}},
	YEAR = 2017
}

@article{spa,
  AUTHOR = "David Flanagan",
  TITLE = "{Javascript - The Definitive Guide}",
  PUBLISHER = "O'Reilly",
  NOTE = "p. 497",
  YEAR = 2006,
  NOTE = {\url{https://www.w3.org/Protocols/rfc2616/rfc2616.txt}}
}

@article{pwa,
  AUTHOR = "Google",
  TITLE = "{Progressive Web Apps}",
  NOTE = {\url{https://developers.google.com/web/progressive-web-apps/}},
  YEAR = 2017,
}

@misc{cddefinition,
  AUTHOR = "Jez Humble",
  TITLE = "{What is Continuous Delivery?}",
  HOWPUBLISHED = {\url{https://continuousdelivery.com/}},
  YEAR = 2017,
}

@misc{cdprinciples,
  AUTHOR = "Jez Humble",
  TITLE = "{Principles - Continuous Delivery}",
  HOWPUBLISHED = {\url{https://continuousdelivery.com/principles/}},
  YEAR = 2017,
}

@misc{cdfoundations,
  AUTHOR = "Jez Humble",
  TITLE = "{Principles - Continuous Delivery}",
  HOWPUBLISHED = {\url{https://continuousdelivery.com/foundations}},
  YEAR = 2017,
}

@misc{angularchangelog,
  AUTHOR = "Google",
  TITLE = "{Angular Changelog}",
  HOWPUBLISHED = {\url{https://github.com/angular/angular/blob/master/CHANGELOG.md}},
  PUBLISHER = "GitHub, Inc.",
  YEAR = 2017,
}

@misc{angularupgrade,
  AUTHOR = "Google",
  TITLE = "Angular - {Upgrading from AngularJS}",
  HOWPUBLISHED = {\url{https://angular.io/guide/upgrade}},
  YEAR = 2017,
}

@misc{reactiverestgithub,
  AUTHOR = "Manuel Pacheco and Santiago Pérez and Alejandro Guillén",
  TITLE = "{Reactive Rest}",
  HOWPUBLISHED = {\url{https://github.com/ShadowManu/reactive-rest}},
  PUBLISHER = "GitHub, Inc.",
  YEAR = 2017,
}

@misc{reactiverestnpm,
  AUTHOR = "Manuel Pacheco and Santiago Pérez and Alejandro Guillén",
  TITLE = "{Reactive Rest}",
  HOWPUBLISHED = {\url{https://www.npmjs.com/package/reactive-rest}},
  PUBLISHER = "NPM, Inc.",
  YEAR = 2017,
}

@misc{angularcli,
  AUTHOR = "Google",
	TITLE = "{Angular CLI}",
  HOWPUBLISHED = {\url{https://cli.angular.io/}},
	YEAR = 2017
}

@misc{cdn,
	TITLE = "{How Content Delivery Networks Work}",
  HOWPUBLISHED = {\url{https://www.cdnetworks.com/en/news/how-content-delivery-networks-work/4258}},
  PUBLISHER = "CDNetworks America, CO. LTD",
	YEAR = 2015
}

@article{indexeddb,
  AUTHOR = "Mehta, N. and Sicking, J. and Graff, E. and others",
  TITLE = "{Indexed Database API}",
  YEAR = 2015,
  NOTE = {\url{https://www.w3.org/TR/2015/REC-IndexedDB-20150108/}}
}

@misc{pouchdb,
  AUTHOR = "Apache",
	TITLE = "{PouchDB}",
  HOWPUBLISHED = {\url{https://pouchdb.com/}},
	YEAR = 2017
}
